
@article{Feldman1998,
  title = {Unified approach to the classical statistical analysis of small signals},
  author = {Feldman, Gary J. and Cousins, Robert D.},
  journal = {Phys. Rev. D},
  volume = {57},
  issue = {7},
  pages = {3873--3889},
  numpages = {0},
  year = {1998},
  month = {Apr},
  publisher = {American Physical Society},
  doi = {10.1103/PhysRevD.57.3873},
  url = {http://link.aps.org/doi/10.1103/PhysRevD.57.3873}
}

@ARTICLE{Adler2007,
	author="Stephen L. Adler",
	title="Lower and upper bounds on CSL parameters from latent image formation and IGM heating",
	year="2007",
	journal="J. Phys. A: Math. Theor.",
	Volume="40",
	pages="2935"
	}
	
@ARTICLE{Curceanu2014,
	author="C. Curceanu and others",
	title="Quantum explorations: from the waltz of the Pauli exclusion principle to the rock of the spontaneous collapse",
	year="2014",
	journal="Phys. Scr.",
	volume="90",
	pages="028003"
	}
	
@ARTICLE{Curceanu2015,
	author="C. Curceanu and others",
	title="X rays on quantum mechanics: Pauli Exclusion Principle and collapse models at test",
	year="2015",
	journal="J. Phys.: Conf. Ser.",
	volume="631",
	pages="012068"
	}
	
	
@ARTICLE{Fu1997,
	author="Qijia Fu",
	title="Spontaneous radiation of free electrons in a nonrelativistic collapse model",
	year="1997",
	journal="Phys. Rev. A",
	volume="56",
	pages="1806"
	}
	
@ARTICLE{Ghirardi1986,
	author="G. C. Ghirardi and A Rimini  and T Weber",
	year="1986",
	journal="Phys. Rev. D",
	volume="34",
	pages="47"
	}

@ARTICLE{Ghirardi1987,
	author="G. C. Ghirardi and A Rimini  and T Weber",
	year="1987",
	journal="Phys. Rev. D",
	volume="36",
	pages="3287"
	}
@ARTICLE{Ghirardi1988,
	author="G. C. Ghirardi and A Rimini  and T Weber",
	year="1988",
	journal="Found. Phys.",
	volume="18",
	pages="1"
	}
	
@ARTICLE{Pearle1989,
	author="P. Pearle",
	year="1989",
	journal="Phys. Rev. A",
	volume="39",
	pages="2277"
	}
	
@ARTICLE{Ghirardi1990,
	author="G. C. Ghirardi and P. Pearle and A Rimini",
	year="1990",
	journal="Phys. Rev. A",
	volume="42",
	pages="78"
	}

@ARTICLE{Morales2002,
	author="A. Morales and others",
	title="Improved constraints on wimps from the international germanium experiment IGEX",
	year="2002",
	journal="Phys. Lett. B",
	volume="532",
	pages="814"
	}
